@article{lopes,
  author =       {Manuel Lopes and Jose Santos-Victor},
  title =        {Visual Learning by Imitation with Motor Representations},
  journal =      {IEEE Transactions on Systems, Man, and Cybernetics, Part B (Cybernetics)},
  volume =       {35},
  number =       {3},
  pages =        {438-449},
  year =         {2005},
  DOI =          {https://doi-org.ezproxy.ecu.edu.au/10.1109/TSMCB.2005.846654},
} 

@INPROCEEDINGS{ju,
  author =       {Zhangfeng Ju and Chenguang Yang and Zhijun Li and Long Cheng and Hongbin Ma},
  booktitle =      {Multisensor Fusion and Information Integration for Intelligent Systems (MFI)},
  title =        {Teleoperation of Humanoid Baxter Robot Using Haptic Feedback},
  year =         {2014},
  month = {December},
  DOI =          {http://doi.org/10.1109/MFI.2014.6997721},
} 

@INPROCEEDINGS{yang,
  author =       {Zhangfeng Ju and Chenguang Yang and Hongbin Ma},
  booktitle =      {Chinese Control Conference (CCC)},
  title =        {Kinematics Modeling and Experimental Verification of Baxter
Robot},
  year =         {2014},
  month = {July},
  DOI =          {https://doi.org/10.1109/ChiCC.2014.6896430},
} 

@INPROCEEDINGS{menon,
  author =       {Arjun Menon and Benjamin Cohen and Maxim Likhachev},
  booktitle =      {IEEE International Cnference on Robotics and Automation (ICRA)},
  title =        {Motion Planning for Smooth Pickup of Moving Objects},
  year =         {2014},
  month = {June},
  DOI =          {https://doi.org/10.1109/ICRA.2014.6906895},
}

@INPROCEEDINGS{zhang,
  author =       {Fangyi Zhang and J{\"u}rgen Leitner and Michael Milford and Ben Upcroft and Peter Corke},
  booktitle =      {Australasian Conference on Robotics and Automation},
  title =        {Towards Vision-Based Deep Reinforcement Learning
for Robotic Motion Control},
  year =         {2015},
  month = {December},
  DOI =          {http://eprints.qut.edu.au/92332/},
}

@INPROCEEDINGS{malowany,
  author =       {Dan Malowany and Hugo Guterman},
  booktitle =      {IEEE International Conference on the Science of Eletrical Engineering},
  title =        {Visual Reinforcement Learning for Object Recognition in Robotics},
  year =         {2016},
  month = {Novemebr},
  DOI =          {https://doi.org/10.1109/ICSEE.2016.7806151},
}

@article{konidaris,
  author =       {George Konidaris and Scott Kuindersma and Roderic Grupen and Andrew Barto},
  title =        {Robot learning from demonstration by constructing skill trees},
  journal =      {International Journal of Robotics Research (IJRR)},
  volume =       {31},
  number =       {3},
  pages =        {360-375},
  year =         {2011},
  DOI =          {http://journals.sagepub.com/doi/abs/10.1177/0278364911428653},
}

@article{peters,
  author =       {Jan Peters and Daniel D. Lee and Jens Kober and Duy Nguyen-Tuong and Andrew Bagnell and Stefan Schaal},
  title =        {Robot Learning},
  journal =      {Springer Handbook of Robotics 2^{nd} Edition},
  pages =        {357-394},
  year =         {2017},
  DOI =          {https://dx.doi.org/10.1007/978-3-540-30301-5},
}

@article{kober,
  author =       {Jens Kober and Jan Peters},
  title =        {Imitation and reinforcement learning},
  journal =      {IEEE Robotics \& Automation Magazine},
  volume =       {17},
  number =       {2},
  pages =        {55-62},
  year =         {2010},
  DOI =          {https://doi-org.ezproxy.ecu.edu.au/10.1109/MRA.2010.936952},
}

@online{matlab_dl_web,
    author    = {Mathworks},
    title     = {Deep Learning in Matlab},
    url       = {https://au.mathworks.com/help/nnet/ug/deep-learning-in-matlab.html},
    note = {Accessed: 2017-04-28}
}

@online{baxter_web,
    author    = {{Rethink Robotics}},
    title     = {Baxter Collaborative Robots for Industrial Automation},
    url       = {http://www.rethinkrobotics.com/baxter/},
    note = {Accessed: 2017-03-02}
}

@online{cleanaway_web,
    author    = {{CLEANAWAY}},
    title     = {{Perth MRF}},
    url       = {http://www.cleanaway.com.au/contact-us/perth-material-recovery-facility/},
    note = {Accessed: 2017-06-20}
}

@online{recycleright_web,
    author    = {Recycleright},
    title     = {Yellow top bins},
    url       = {http://recycleright.wa.gov.au/what-we-do/yellow-top-bins/},
    note = {Accessed: 2017-06-20}
}

@INPROCEEDINGS{polydoros,
  author =      {Athanasios S. Polydoros and Lazaros Nalpantidis and Volker Kr{\"u}ger},
  booktitle =   {IEEE International Conference on Intelligent Robots and Systems (IROS)},
  title =       {Real-time deep learning of robotic manipulator inverse dynamics},
  year =        {2015},
  month =       {December},
  DOI =         {https://doi.org/10.1109/IROS.2015.7353857},
}

@article{tamzin,
  author =       {Tamzin Walker and Alex Rassau and Douglas Chai},
  title =        {Improving Industrial robot object recognition to enhance generalized task capabilities},
  journal =      {ECU Thesis},
  year =         {2016},
  DOI =          {http://www.ecu.edu.au},
}

@book{Goodfellow,
    title={Deep Learning},
    author={Ian Goodfellow and Yoshua Bengio and Aaron Courville},
    publisher={MIT Press},
    note={\url{http://www.deeplearningbook.org}},
    year={2016}
}

@article{pan,
  author =       {Sinno Jialin Pan and Qiang Yang},
  title =        {A Survey on Transfer Learning},
  journal =      {IEEE Transactions on Knowledge and Data Engineering},
  volume =       {22},
  number =       {10},
  pages =        {1345 - 1359},
  year =         {2010},
  DOI =          {https://doi.org/10.1109/TKDE.2009.191},
}

@article{lillicrap,
  author    = {Timothy P. Lillicrap and
               Jonathan J. Hunt and
               Alexander Pritzel and
               Nicolas Heess and
               Tom Erez and
               Yuval Tassa and
               David Silver and
               Daan Wierstra},
  title     = {Continuous control with deep reinforcement learning},
  journal   = {CoRR},
  volume    = {abs/1509.02971},
  year      = {2015},
  url       = {http://arxiv.org/abs/1509.02971},
  timestamp = {Wed, 07 Jun 2017 14:40:26 +0200},
  biburl    = {http://dblp.uni-trier.de/rec/bib/journals/corr/LillicrapHPHETS15},
  bibsource = {dblp computer science bibliography, http://dblp.org}
}

@article{billard,
  author =       {Aude G. Billard and Sylvain Calinon and R\"udiger Dillmann},
  title =        {Learning from Humans},
  journal =      {Springer Handbook of Robotics 2^{nd} Edition},
  pages =        {1995-2014},
  year =         {2017},
  DOI =          {https://dx.doi.org/10.1007/978-3-540-30301-5},
}

@article{calinon,
 author =       {Sylvain Calinon and Florent Guenter and Aude Billard},
 title =        {On Learning, Representing and Generalizing a Task in a Humanoid Robot},
 journal =      {IEEE Transactions on Systems, Man, and Cybernetics, Part B (Cybernetics)},
 volume =       {37},
 number =       {2},
 pages =        {286-298},
 year =         {2007},
 DOI =          {https://doi.org/10.1109/TSMCB.2006.886952},
}

@article{denavit,
  author = {Denavit, J. and Hartenberg, R. S.},
  biburl = {https://www.bibsonomy.org/bibtex/2a70bed1e4816f2bff474a9d1bc084e00/dmartins},
  description = {robotica-bib},
  interhash = {a89c25e438b70eb248c5f21848b9166e},
  intrahash = {a70bed1e4816f2bff474a9d1bc084e00},
  journal = {Transaction of the ASME Journal of Applied Mechanics},
  keywords = {imported},
  number = 2,
  pages = {215 - 221},
  timestamp = {2008-03-02T02:12:41.000+0100},
  title = {A Kinematic Notation for Lower-Pair Mechanisms Based on Matrices},
  volume = 22,
  year = 1965
}

@online{baxter-urdf,
    author = {{Rethink Robotics}},
    title = {{URDF}},
    url       = {http://sdk.rethinkrobotics.com/wiki/URDF},
    note = {Accessed: 2017-05-02}
}

@electronic{IEEEexample:shellCTANpage,
  author        = "Michael Shell",
  title         = "{IEEE}tran Webpage on {CTAN}",
  url           = "http://www.ctan.org/tex-archive/macros/latex/contrib/IEEEtran/",
  year          = "2007"
}

@INPROCEEDINGS{ratliff,
  author =      {Nathan Ratliff and J. Andrew Bagnell and Siddhartha S. Srinivasa},
  booktitle =   {IEEE-RAS 7^{th} International Conference on Humanoid Robots},
  title =       {Imitation learning for locomotion and manipulation},
  year =        {2007},
  month =       {December},
  DOI =         {https://doi.org/10.1109/ICHR.2007.4813899},
}

@online{bd-littledog,
    author = {{Boston Dynamics}},
    title = {{LittleDog}},
    url       = {https://www.youtube.com/watch?v=UIipbi0cAVE},
    note = {Accessed: 2017-07-03}
}

@article{gribovskaya,
  author =       {E. Gribovskaya and S. M. Khansari-Zadeh and Aude Billard},
  title =        {Learning Non-linear Multivariate Dynamics of Motion in Robotic Manipulators },
  journal =      {The International Journal of Robotics Research},
  pages =        {80 - 117},
  volume =       {30},
  number =       {1},
  year =         {2010},
  DOI =          {http://dx.doi.org/10.1177\%2F0278364910376251},
}

@ARTICLE{Billard-scholarpedia,
AUTHOR = {Aude Billard and Daniel Grollman},
TITLE   = {{R}obot learning by demonstration},
YEAR    = {2013},
JOURNAL = {Scholarpedia},
VOLUME  = {8},
NUMBER  = {12},
PAGES   = {3824},
DOI     = {10.4249/scholarpedia.3824},
NOTE    = {revision \#138061}
}

@article{lenz,
 author = {Lenz, Ian and Lee, Honglak and Saxena, Ashutosh},
 title = {Deep Learning for Detecting Robotic Grasps},
 journal = {Int. J. Rob. Res.},
 issue_date = {April     2015},
 volume = {34},
 number = {4-5},
 month = apr,
 year = {2015},
 issn = {0278-3649},
 pages = {705--724},
 numpages = {20},
 url = {http://dx.doi.org/10.1177/0278364914549607},
 doi = {10.1177/0278364914549607},
 acmid = {2764732},
 publisher = {Sage Publications, Inc.},
 address = {Thousand Oaks, CA, USA},
 keywords = {3D feature learning, Baxter, PR2, RGB-D multi-modal data, Robotic grasping, deep learning},
}

@incollection{krizhevsky,
title = {ImageNet Classification with Deep Convolutional Neural Networks},
author = {Alex Krizhevsky and Sutskever, Ilya and Hinton, Geoffrey E},
booktitle = {Advances in Neural Information Processing Systems 25},
editor = {F. Pereira and C. J. C. Burges and L. Bottou and K. Q. Weinberger},
pages = {1097--1105},
year = {2012},
publisher = {Curran Associates, Inc.},
url = {http://papers.nips.cc/paper/4824-imagenet-classification-with-deep-convolutional-neural-networks.pdf}
}

@online{imagenet,
    author = {{Stanford Vision Lab}},
    title = {{Imagenet}},
    url       = {http://www.image-net.org/},
    note = {Accessed: 2017-05-11}
}

@online{brownlee,
    author = {Jason Brownlee},
    title = {{Supervised and Unsupervised Machine Learning Algorithms}},
    url       = {http://machinelearningmastery.com/supervised-and-unsupervised-machine-learning-algorithms/},
    note = {Accessed: 2017-07-03}
}

@article{lee,
  author    = {Jangwon Lee and
               Michael S. Ryoo},
  title     = {Learning Robot Activities from First-Person Human Videos Using Convolutional
               Future Regression},
  journal   = {CoRR},
  volume    = {abs/1703.01040},
  year      = {2017},
  url       = {http://arxiv.org/abs/1703.01040},
  timestamp = {Wed, 07 Jun 2017 14:41:22 +0200},
  biburl    = {http://dblp.uni-trier.de/rec/bib/journals/corr/LeeR17},
  bibsource = {dblp computer science bibliography, http://dblp.org}
}

@ARTICLE{xia, 
author={Youshen Xia and Jun Wang}, 
journal={IEEE Transactions on Systems, Man, and Cybernetics, Part B (Cybernetics)}, 
title={A dual neural network for kinematic control of redundant robot manipulators}, 
year={2001}, 
volume={31}, 
number={1}, 
pages={147-154}, 
keywords={motion control;neurocontrollers;recurrent neural nets;redundant manipulators;asymptotic tracking;dual network;dual neural network;inverse kinematics problem;kinematic control;motion control;recurrent neural network;redundant robot manipulators;time-varying quadratic optimization;Closed-form solution;Jacobian matrices;Kinematics;Manipulator dynamics;Neural networks;Neurons;Recurrent neural networks;Robot control;Robot sensing systems;Tracking}, 
doi={10.1109/3477.907574}, 
ISSN={1083-4419}, 
month={Feb},}

@ARTICLE{ding, 
author={Han Ding and Jun Wang}, 
journal={IEEE Transactions on Systems, Man, and Cybernetics - Part A: Systems and Humans}, 
title={Recurrent neural networks for minimum infinity-norm kinematic control of redundant manipulators}, 
year={1999}, 
volume={29}, 
number={3}, 
pages={269-276}, 
keywords={linear programming;manipulator kinematics;neurocontrollers;quadratic programming;recurrent neural nets;redundant manipulators;velocity control;Tank-Hopfield networks;inverse kinematics;linear programming;quadratic programming;recurrent neural networks;redundant manipulators;velocity vectors;Control systems;H infinity control;Kinematics;Linear programming;Manipulator dynamics;Neural networks;Recurrent neural networks;Robots;Vectors;Velocity control}, 
doi={10.1109/3468.759273}, 
ISSN={1083-4427}, 
month={May},}

@ARTICLE{wang, 
author={Jun Wang and Qingni Hu and Danchi }, 
journal={IEEE Transactions on Neural Networks}, 
title={A Lagrangian network for kinematic control of redundant robot manipulators}, 
year={1999}, 
volume={10}, 
number={5}, 
pages={1123-1132}, 
keywords={asymptotic stability;motion control;neurocontrollers;real-time systems;recurrent neural nets;redundancy;redundant manipulators;tracking;Lagrangian network;asymptotic stability;inverse kinematics;kinematic control;motion control;quadratic optimization;real-time systems;recurrent neural network;redundancy;redundant manipulators;tracking;Closed-form solution;Jacobian matrices;Kinematics;Lagrangian functions;Manipulators;Motion control;Nonlinear equations;Orbital robotics;Recurrent neural networks;Robot control}, 
doi={10.1109/72.788651}, 
ISSN={1045-9227}, 
month={Sep},}

@online{amazonpickingchallenge,
    author = {{Amazon Robotics}},
    title = {{Amazon Picking Challenge 2016}},
    url       = {https://www.amazonrobotics.com/#/pickingchallenge},
    note = {Accessed: 2017-07-06}
}

@INPROCEEDINGS{schwarz,
  author =      {Max Schwarz and Anton Milan and Christian Lenz and Aura Mu\.noz and Arul Selvam Periyasamy and Michael Schreiber and Sebastian Sch\"uller and Sven Behnke},
  booktitle =   {IEEE International Conferrence on Robotics and Automation (ICRA)},
  title =       {Nimbro Picking: Versatile Part Handling for Warehouse Automation},
  year =        {2017},
  month =       {May},
  DOI =         {http://www.ais.uni-bonn.de/apc2016/},
}

@inproceedings{densecap,
  title={DenseCap: Fully Convolutional Localization Networks for Dense Captioning},
  author={Johnson, Justin and Karpathy, Andrej and Fei-Fei, Li},
  booktitle={Proceedings of the IEEE Conference on Computer Vision and 
             Pattern Recognition},
  year={2016}
}

@online{baxter-research-wiki,
    author = {{Rethink Robotics}},
    title = {{Baxter Research Robot Wiki}},
    url       = {http://sdk.rethinkrobotics.com/wiki/Main\_Page},
    note = {Accessed: 2017-07-06}
}

@article{mahler,
  author    = {Jeffrey Mahler and
               Jacky Liang and
               Sherdil Niyaz and
               Michael Laskey and
               Richard Doan and
               Xinyu Liu and
               Juan Aparicio Ojea and
               Ken Goldberg},
  title     = {Dex-Net 2.0: Deep Learning to Plan Robust Grasps with Synthetic Point
               Clouds and Analytic Grasp Metrics},
  journal   = {CoRR},
  volume    = {abs/1703.09312},
  year      = {2017},
  url       = {http://arxiv.org/abs/1703.09312},
  timestamp = {Wed, 07 Jun 2017 14:41:15 +0200},
  biburl    = {http://dblp.uni-trier.de/rec/bib/journals/corr/MahlerLNLDLOG17},
  bibsource = {dblp computer science bibliography, http://dblp.org}
}

@online{mahler-web,
    author = {Jeffrey Mahler},
    title = {{Releasing the Dexterity Network (Dex-Net) 2.0 Dataset for Deep Grasping}},
    url       = {http://bair.berkeley.edu/blog/2017/06/27/dexnet-2.0/},
    note = {Accessed: 2017-07-06}
}

@article{mnih,
	Author = {Mnih, Volodymyr and Kavukcuoglu, Koray and Silver, David and Rusu, Andrei A. and Veness, Joel and Bellemare, Marc G. and Graves, Alex and Riedmiller, Martin and Fidjeland, Andreas K. and Ostrovski, Georg and Petersen, Stig and Beattie, Charles and Sadik, Amir and Antonoglou, Ioannis and King, Helen and Kumaran, Dharshan and Wierstra, Daan and Legg, Shane and Hassabis, Demis},
	Date = {2015/02/26/print},
	Date-Added = {2015-03-03 15:43:42 +0000},
	Date-Modified = {2015-03-03 15:43:42 +0000},
	Day = {26},
	Isbn = {0028-0836},
	Journal = {Nature},
	L3 = {10.1038/nature14236; http://www.nature.com/nature/journal/v518/n7540/abs/nature14236.html#supplementary-information},
	M3 = {Letter},
	Month = {02},
	Number = {7540},
	Pages = {529-533},
	Publisher = {Nature Publishing Group, a division of Macmillan Publishers Limited. All Rights Reserved.},
	Title = {Human-level control through deep reinforcement learning},
	Ty = {JOUR},
	Url = {http://dx.doi.org/10.1038/nature14236},
	Volume = {518},
	Year = {2015},
}

@article{jaderberg,
  title={Reinforcement learning with unsupervised auxiliary tasks},
  author={Jaderberg, Max and Mnih, Volodymyr and Czarnecki, Wojciech Marian and Schaul, Tom and Leibo, Joel Z and Silver, David and Kavukcuoglu, Koray},
  journal={arXiv preprint arXiv:1611.05397},
  year={2016},
}

@article{deepmind-lab,
  author    = {Charles Beattie and
               Joel Z. Leibo and
               Denis Teplyashin and
               Tom Ward and
               Marcus Wainwright and
               Heinrich K{\"{u}}ttler and
               Andrew Lefrancq and
               Simon Green and
               V{\'{\i}}ctor Vald{\'{e}}s and
               Amir Sadik and
               Julian Schrittwieser and
               Keith Anderson and
               Sarah York and
               Max Cant and
               Adam Cain and
               Adrian Bolton and
               Stephen Gaffney and
               Helen King and
               Demis Hassabis and
               Shane Legg and
               Stig Petersen},
  title     = {DeepMind Lab},
  journal   = {CoRR},
  volume    = {abs/1612.03801},
  year      = {2016},
  url       = {http://arxiv.org/abs/1612.03801},
  timestamp = {Wed, 07 Jun 2017 14:42:49 +0200},
  biburl    = {http://dblp.uni-trier.de/rec/bib/journals/corr/BeattieLTWWKLGV16},
  bibsource = {dblp computer science bibliography, http://dblp.org},
}

@incollection{abbeel,
title = {An Application of Reinforcement Learning to Aerobatic Helicopter Flight},
author = {Abbeel, Pieter and Adam Coates and Morgan Quigley and Andrew Y. Ng},
booktitle = {Advances in Neural Information Processing Systems 19},
editor = {P. B. Sch\"{o}lkopf and J. C. Platt and T. Hoffman},
pages = {1--8},
year = {2007},
publisher = {MIT Press},
url = {http://papers.nips.cc/paper/3151-an-application-of-reinforcement-learning-to-aerobatic-helicopter-flight.pdf},
}

@online{matiisen-web,
    author = {Tambet Matiisen},
    title = {{Demystifying the Deep Reinforcement Learning}},
    url       = {http://neuro.cs.ut.ee/demystifying-deep-reinforcement-learning/},
    note = {Accessed: 2017-07-06},
}


@online{mdp-lecture-david-silver,
    author = {David Silver},
    title = {{Markov Decision Processes}},
    url       = {http://www0.cs.ucl.ac.uk/staff/d.silver/web/Teaching\_files/MDP.pdf},
    note = {Accessed: 2017-07-06},
}

@article{lecun,
  title={Deep learning},
  author={Yann LeCun and Yoshua Bengio and Geoffrey Hinton},
  journal={{}Nature: Macmillan Publishers Limited}},
  year={2015},
  doi={10.1038/nature14539},
  pages={436-444},
  vol={521},
  number={7553},
}

@online{baxter-arms,
    author = {{Rethink Robotics}},
    title = {{The Baxter Robot Arms}},
    url       = {http://sdk.rethinkrobotics.com/wiki/Arms},
    note = {Accessed: 2017-07-24},
}

@online{baxter-specs,
    author = {{Rethink Robotics}},
    title = {{Technical Specification}},
    url       = {http://www.rethinkrobotics.com/baxter/tech-specs/},
    note = {Accessed: 2017-07-24},
}

@online{baxter-cameras,
    author = {{Rethink Robotics}},
    title = {{Baxter Research Robot Cameras}},
    url       = {http://sdk.rethinkrobotics.com/wiki/Cameras},
    note = {Accessed: 2017-07-24},
}



@INPROCEEDINGS{reddivari-tele, 
author={H. Reddivari and C. Yang and Z. Ju and P. Liang and Z. Li and B. Xu}, 
booktitle={2014 International Conference on Multisensor Fusion and Information Integration for Intelligent Systems (MFI)}, 
title={Teleoperation control of Baxter robot using body motion tracking}, 
year={2014}, 
pages={1-6}, 
keywords={collision avoidance;control engineering computing;humanoid robots;mobile robots;motion control;robot kinematics;sensors;telerobotics;transport protocols;Baxter robot;DOF joints;Kinect Xbox 360 sensor;NITE;Python;RosPy script programming kit;SimpleOpenNI wrapper;UDP protocol;body motion tracking;collision avoidance capabilities;human motions;inverse kinematics;joint angles;motion control;processing software;reference motion;semihumanoid robot;teleoperation control;vector approach;Joints;Robot kinematics;Robot sensing systems;Shoulder;Software;Vectors}, 
doi={10.1109/MFI.2014.6997722}, 
month={Sept},}

@INPROCEEDINGS{smith, 
author={A. Smith and C. Yang and C. Li and H. Ma and L. Zhao}, 
booktitle={2016 IEEE International Conference on Mechatronics and Automation}, 
title={Development of a dynamics model for the Baxter robot}, 
year={2016}, 
pages={1244-1249}, 
keywords={Newton method;actuators;closed loop systems;manipulator dynamics;manipulator kinematics;torque control;Baxter kinematic;Baxter manipulator;Baxter robot;L-E equations;Lagrange formulation;Lagrange-Euler equations;Newton-Euler method;closed loop analysis;dynamics equations;joint actuator torques;robot dynamics;torque trajectories;Dynamics;Gravity;Manipulator dynamics;Mathematical model;Trajectory}, 
doi={10.1109/ICMA.2016.7558740}, 
month={Aug},}

@INPROCEEDINGS{pinto, 
author={L. Pinto and A. Gupta}, 
booktitle={2016 IEEE International Conference on Robotics and Automation (ICRA)}, 
title={Supersizing self-supervision: Learning to grasp from 50K tries and 700 robot hours}, 
year={2016}, 
pages={3406-3413}, 
keywords={grippers;image classification;learning (artificial intelligence);neurocontrollers;regression analysis;robot vision;18-way binary classification;CNN;convolutional neural network;human-labeled datasets;image patches;model free learning-based robot grasping;regression problem;semantics;supersizing self-supervision;trial-and-error experiments;Data models;Grasping;Grippers;Labeling;Robots;Three-dimensional displays;Training}, 
doi={10.1109/ICRA.2016.7487517}, 
month={May},}

@INPROCEEDINGS{bowen, 
author={C. Bowen and R. Alterovitz}, 
booktitle={2014 IEEE/RSJ International Conference on Intelligent Robots and Systems}, 
title={Closed-loop global motion planning for reactive execution of learned tasks}, 
year={2014}, 
pages={1754-1760}, 
keywords={closed loop systems;collision avoidance;hidden Markov models;mobile robots;probability;2D point robot;Baxter robot;Cartesian product;closed-loop global motion planning;closed-loop sampling;hidden Markov model;learned tasks;obstacle avoidance;probabilistic roadmap;reactive execution;Collision avoidance;Computational modeling;Hidden Markov models;Planning;Robot sensing systems;Trajectory}, 
doi={10.1109/IROS.2014.6942792}, 
ISSN={2153-0858}, 
month={Sept},}

@INPROCEEDINGS{chen, 
author={K. Chen and G. Z. Cao and J. D. Sun and J. J. Yang}, 
booktitle={2016 13th International Conference on Ubiquitous Robots and Ambient Intelligence (URAI)}, 
title={A path-planning algorithm of the automatic welding robot system for three-dimensional arc welding using image processing}, 
year={2016}, 
pages={692-697}, 
keywords={arc welding;control engineering computing;human computer interaction;path planning;robot dynamics;robot kinematics;robot vision;robotic welding;user interfaces;3D arc welding;automatic welding robot system;forward kinematics;image processing;interaction interface;path planning algorithm;three-dimensional arc welding;Lasers;MATLAB;Robots;Welding;automatic tracking;image processing;path-planning;welding robot}, 
doi={10.1109/URAI.2016.7734095}, 
month={Aug},}

@article{silver,
 author = {Silver, David and Bagnell, J. Andrew and Stentz, Anthony},
 title = {Learning from Demonstration for Autonomous Navigation in Complex Unstructured Terrain},
 journal = {Int. J. Rob. Res.},
 issue_date = {October   2010},
 volume = {29},
 number = {12},
 month = oct,
 year = {2010},
 issn = {0278-3649},
 pages = {1565--1592},
 numpages = {28},
 url = {http://dx.doi.org/10.1177/0278364910369715},
 doi = {10.1177/0278364910369715},
 acmid = {1868422},
 publisher = {Sage Publications, Inc.},
 address = {Thousand Oaks, CA, USA},
 keywords = {Field robotics, autonomous navigation, imitation learning, inverse reinforcement learning, learning from demonstration, mobile robotics},
} 

@article{szegedy,
  author    = {Christian Szegedy and
               Wei Liu and
               Yangqing Jia and
               Pierre Sermanet and
               Scott E. Reed and
               Dragomir Anguelov and
               Dumitru Erhan and
               Vincent Vanhoucke and
               Andrew Rabinovich},
  title     = {Going Deeper with Convolutions},
  journal   = {CoRR},
  volume    = {abs/1409.4842},
  year      = {2014},
  url       = {http://arxiv.org/abs/1409.4842},
  timestamp = {Wed, 07 Jun 2017 14:40:42 +0200},
  biburl    = {http://dblp.uni-trier.de/rec/bib/journals/corr/SzegedyLJSRAEVR14},
  bibsource = {dblp computer science bibliography, http://dblp.org},
}

@online{opencv-dnn,
    author = {Vadim Pisarevsky},
    title = {{Deep Learning in OpenCV}},
    url       = {https://github.com/opencv/opencv/wiki/Deep-Learning-in-OpenCV},
    note = {Accessed: 2017-08-10},
}

@online{tensorflow,
    author = {TensorFlow},
    title = {{About TensorFlow}},
    url       = {https://www.tensorflow.org/},
    note = {Accessed: 2017-07-24},
}

@online{dl-requirements,
    author = {Mathworks},
    title = {{What is Deep Learning?}},
    url       = {https://au.mathworks.com/discovery/deep-learning.html},
    note = {Accessed: 2017-08-30},
}

@online{tf-nvidia-dl-requirements,
    author = {nVidia},
    title = {{GPU-ACCELERATED TENSORFLOW}},
    url       = {https://www.nvidia.com/en-us/data-center/gpu-accelerated-applications/tensorflow/},
    note = {Accessed: 2017-08-30},
}

@online{baxter-ik-demo,
    author = {{Rethink Robotics}},
    title = {{IK Pick and Place Demo}},
    url       = {http://sdk.rethinkrobotics.com/wiki/IK\_Pick\_and\_Place\_Demo},
    note = {Accessed: 2017-08-30},
}

@online{cobots-ifa,
    author = {{Institut f{\"u}r Auslandsbeziehungen (IFA)}},
    title = {{Collaborative Robots}},
    url       = {http://www.dguv.de/ifa/fachinfos/kollaborierende-roboter/index-2.jsp},
    note = {Accessed: 2017-09-03},
}

@online{baxter-reach,
    author = {{Rethink Robotics}},
    title = {{Workspace Guidelines}},
    url       = {http://sdk.rethinkrobotics.com/wiki/Workspace\_Guidelines},
    note = {Accessed: 2017-09-12},
}

@article{sulabh,
  author    = {Sulabh Kumra and
               Christopher Kanan},
  title     = {Robotic Grasp Detection using Deep Convolutional Neural Networks},
  journal   = {CoRR},
  volume    = {abs/1611.08036},
  year      = {2016},
  url       = {http://arxiv.org/abs/1611.08036},
  archivePrefix = {arXiv},
  eprint    = {1611.08036},
  timestamp = {Wed, 07 Jun 2017 14:40:19 +0200},
  biburl    = {http://dblp.org/rec/bib/journals/corr/KumraK16},
  bibsource = {dblp computer science bibliography, http://dblp.org}
}

@article{redmon,
  author    = {Joseph Redmon and
               Anelia Angelova},
  title     = {Real-Time Grasp Detection Using Convolutional Neural Networks},
  journal   = {CoRR},
  volume    = {abs/1412.3128},
  year      = {2014},
  url       = {http://arxiv.org/abs/1412.3128},
  archivePrefix = {arXiv},
  eprint    = {1412.3128},
  timestamp = {Wed, 07 Jun 2017 14:41:27 +0200},
  biburl    = {http://dblp.org/rec/bib/journals/corr/RedmonA14},
  bibsource = {dblp computer science bibliography, http://dblp.org}
}

@incollection{saxena_2006,
title = {Robotic Grasping of Novel Objects},
author = {Saxena, Ashutosh and Justin Driemeyer and Justin Kearns and Andrew Y. Ng},
booktitle = {Advances in Neural Information Processing Systems 19},
editor = {B. Sch\"{o}lkopf and J. C. Platt and T. Hoffman},
pages = {1209--1216},
year = {2007},
publisher = {MIT Press},
url = {http://papers.nips.cc/paper/3010-robotic-grasping-of-novel-objects.pdf}
}

@article{saxena-2008,
author = {Ashutosh Saxena and Justin Driemeyer and Andrew Y. Ng},
title ={Robotic Grasping of Novel Objects using Vision},
journal = {The International Journal of Robotics Research},
volume = {27},
number = {2},
pages = {157-173},
year = {2008},
doi = {10.1177/0278364907087172},

URL = { 
        https://doi.org/10.1177/0278364907087172
    
},
eprint = { 
        https://doi.org/10.1177/0278364907087172
    
}}

@INPROCEEDINGS{jiang, 
	author={Yun Jiang and S. Moseson and A. Saxena}, 
	booktitle={2011 IEEE International Conference on Robotics and Automation}, 
	title={Efficient grasping from RGBD images: Learning using a new rectangle representation}, 
	year={2011}, 
	volume={}, 
	number={}, 
	pages={3304-3311}, 
	keywords={grippers;image representation;robot vision;solid modelling;3D location;3D oriented rectangle;7-dimensional gripper configuration;RGBD image grasping rectangle;gripper opening width;image plane;learning algorithm;low-dimensional rectangle representation;search space;Complexity theory;Grasping;Grippers;Histograms;Image edge detection;Robots;Three dimensional displays}, 
	doi={10.1109/ICRA.2011.5980145}, 
	ISSN={1050-4729}, 
	month={May},}